%YAML 1.1
%TAG !u! tag:unity3d.com,2011:
--- !u!1 &3412233704351383705
GameObject:
  m_ObjectHideFlags: 0
  m_CorrespondingSourceObject: {fileID: 0}
  m_PrefabInstance: {fileID: 0}
  m_PrefabAsset: {fileID: 0}
  serializedVersion: 6
  m_Component:
  - component: {fileID: 3026008571848598144}
  m_Layer: 0
  m_Name: Column
  m_TagString: Untagged
  m_Icon: {fileID: 0}
  m_NavMeshLayer: 0
  m_StaticEditorFlags: 4294967295
  m_IsActive: 1
--- !u!4 &3026008571848598144
Transform:
  m_ObjectHideFlags: 0
  m_CorrespondingSourceObject: {fileID: 0}
  m_PrefabInstance: {fileID: 0}
  m_PrefabAsset: {fileID: 0}
  m_GameObject: {fileID: 3412233704351383705}
  m_LocalRotation: {x: 0, y: 0, z: 0, w: 1}
  m_LocalPosition: {x: 0, y: 0, z: 0}
  m_LocalScale: {x: 1, y: 1, z: 1}
  m_Children:
  - {fileID: 6302700762316679296}
  - {fileID: 7808353553721855587}
  - {fileID: 2742877558054025419}
  - {fileID: 6253677310532534715}
  m_Father: {fileID: 0}
  m_RootOrder: 0
  m_LocalEulerAnglesHint: {x: 0, y: 0, z: 0}
--- !u!1001 &2378703678865427175
PrefabInstance:
  m_ObjectHideFlags: 0
  serializedVersion: 2
  m_Modification:
    m_TransformParent: {fileID: 3026008571848598144}
    m_Modifications:
    - target: {fileID: 5574895911336138916, guid: d64b6d0fb6ee317438ae237f733f42c7,
        type: 3}
      propertyPath: m_Name
      value: block_vertical (1)
      objectReference: {fileID: 0}
    - target: {fileID: 5574895911335642244, guid: d64b6d0fb6ee317438ae237f733f42c7,
        type: 3}
      propertyPath: m_LocalPosition.x
      value: 0
      objectReference: {fileID: 0}
    - target: {fileID: 5574895911335642244, guid: d64b6d0fb6ee317438ae237f733f42c7,
        type: 3}
      propertyPath: m_LocalPosition.y
      value: 12
      objectReference: {fileID: 0}
    - target: {fileID: 5574895911335642244, guid: d64b6d0fb6ee317438ae237f733f42c7,
        type: 3}
      propertyPath: m_LocalPosition.z
      value: 0
      objectReference: {fileID: 0}
    - target: {fileID: 5574895911335642244, guid: d64b6d0fb6ee317438ae237f733f42c7,
        type: 3}
      propertyPath: m_LocalRotation.x
      value: -0
      objectReference: {fileID: 0}
    - target: {fileID: 5574895911335642244, guid: d64b6d0fb6ee317438ae237f733f42c7,
        type: 3}
      propertyPath: m_LocalRotation.y
      value: 0.70710677
      objectReference: {fileID: 0}
    - target: {fileID: 5574895911335642244, guid: d64b6d0fb6ee317438ae237f733f42c7,
        type: 3}
      propertyPath: m_LocalRotation.z
      value: -0
      objectReference: {fileID: 0}
    - target: {fileID: 5574895911335642244, guid: d64b6d0fb6ee317438ae237f733f42c7,
        type: 3}
      propertyPath: m_LocalRotation.w
      value: 0.7071068
      objectReference: {fileID: 0}
    - target: {fileID: 5574895911335642244, guid: d64b6d0fb6ee317438ae237f733f42c7,
        type: 3}
      propertyPath: m_RootOrder
      value: 1
      objectReference: {fileID: 0}
    - target: {fileID: 5574895911335642244, guid: d64b6d0fb6ee317438ae237f733f42c7,
        type: 3}
      propertyPath: m_LocalEulerAnglesHint.x
      value: 0
      objectReference: {fileID: 0}
    - target: {fileID: 5574895911335642244, guid: d64b6d0fb6ee317438ae237f733f42c7,
        type: 3}
      propertyPath: m_LocalEulerAnglesHint.y
      value: 90.00001
      objectReference: {fileID: 0}
    - target: {fileID: 5574895911335642244, guid: d64b6d0fb6ee317438ae237f733f42c7,
        type: 3}
      propertyPath: m_LocalEulerAnglesHint.z
      value: 0
      objectReference: {fileID: 0}
    m_RemovedComponents: []
  m_SourcePrefab: {fileID: 100100000, guid: d64b6d0fb6ee317438ae237f733f42c7, type: 3}
--- !u!4 &7808353553721855587 stripped
Transform:
  m_CorrespondingSourceObject: {fileID: 5574895911335642244, guid: d64b6d0fb6ee317438ae237f733f42c7,
    type: 3}
  m_PrefabInstance: {fileID: 2378703678865427175}
  m_PrefabAsset: {fileID: 0}
--- !u!1001 &3322286928179690899
PrefabInstance:
  m_ObjectHideFlags: 0
  serializedVersion: 2
  m_Modification:
    m_TransformParent: {fileID: 3026008571848598144}
    m_Modifications:
    - target: {fileID: 8749529430007564595, guid: d6d42086c343e1249a4f7ea21a2457a3,
        type: 3}
      propertyPath: m_Name
      value: support_end (1)
      objectReference: {fileID: 0}
    - target: {fileID: 8749529430007403795, guid: d6d42086c343e1249a4f7ea21a2457a3,
        type: 3}
      propertyPath: m_LocalPosition.x
      value: 0
      objectReference: {fileID: 0}
    - target: {fileID: 8749529430007403795, guid: d6d42086c343e1249a4f7ea21a2457a3,
        type: 3}
      propertyPath: m_LocalPosition.y
      value: 23.68
      objectReference: {fileID: 0}
    - target: {fileID: 8749529430007403795, guid: d6d42086c343e1249a4f7ea21a2457a3,
        type: 3}
      propertyPath: m_LocalPosition.z
      value: 0
      objectReference: {fileID: 0}
    - target: {fileID: 8749529430007403795, guid: d6d42086c343e1249a4f7ea21a2457a3,
        type: 3}
      propertyPath: m_LocalRotation.x
      value: 1
      objectReference: {fileID: 0}
    - target: {fileID: 8749529430007403795, guid: d6d42086c343e1249a4f7ea21a2457a3,
        type: 3}
      propertyPath: m_LocalRotation.y
      value: -0
      objectReference: {fileID: 0}
    - target: {fileID: 8749529430007403795, guid: d6d42086c343e1249a4f7ea21a2457a3,
        type: 3}
      propertyPath: m_LocalRotation.z
      value: -0
      objectReference: {fileID: 0}
    - target: {fileID: 8749529430007403795, guid: d6d42086c343e1249a4f7ea21a2457a3,
        type: 3}
      propertyPath: m_LocalRotation.w
      value: 0
      objectReference: {fileID: 0}
    - target: {fileID: 8749529430007403795, guid: d6d42086c343e1249a4f7ea21a2457a3,
        type: 3}
      propertyPath: m_RootOrder
      value: 0
      objectReference: {fileID: 0}
    - target: {fileID: 8749529430007403795, guid: d6d42086c343e1249a4f7ea21a2457a3,
        type: 3}
      propertyPath: m_LocalEulerAnglesHint.x
      value: 180
      objectReference: {fileID: 0}
    - target: {fileID: 8749529430007403795, guid: d6d42086c343e1249a4f7ea21a2457a3,
        type: 3}
      propertyPath: m_LocalEulerAnglesHint.y
      value: 0
      objectReference: {fileID: 0}
    - target: {fileID: 8749529430007403795, guid: d6d42086c343e1249a4f7ea21a2457a3,
        type: 3}
      propertyPath: m_LocalEulerAnglesHint.z
      value: 0
      objectReference: {fileID: 0}
    m_RemovedComponents: []
  m_SourcePrefab: {fileID: 100100000, guid: d6d42086c343e1249a4f7ea21a2457a3, type: 3}
--- !u!4 &6302700762316679296 stripped
Transform:
  m_CorrespondingSourceObject: {fileID: 8749529430007403795, guid: d6d42086c343e1249a4f7ea21a2457a3,
    type: 3}
  m_PrefabInstance: {fileID: 3322286928179690899}
  m_PrefabAsset: {fileID: 0}
--- !u!1001 &3433173147436487848
PrefabInstance:
  m_ObjectHideFlags: 0
  serializedVersion: 2
  m_Modification:
    m_TransformParent: {fileID: 3026008571848598144}
    m_Modifications:
    - target: {fileID: 8749529430007564595, guid: d6d42086c343e1249a4f7ea21a2457a3,
        type: 3}
      propertyPath: m_Name
      value: support_end
      objectReference: {fileID: 0}
    - target: {fileID: 8749529430007403795, guid: d6d42086c343e1249a4f7ea21a2457a3,
        type: 3}
      propertyPath: m_LocalPosition.x
      value: 0
      objectReference: {fileID: 0}
    - target: {fileID: 8749529430007403795, guid: d6d42086c343e1249a4f7ea21a2457a3,
        type: 3}
      propertyPath: m_LocalPosition.y
      value: 0
      objectReference: {fileID: 0}
    - target: {fileID: 8749529430007403795, guid: d6d42086c343e1249a4f7ea21a2457a3,
        type: 3}
      propertyPath: m_LocalPosition.z
      value: 0
      objectReference: {fileID: 0}
    - target: {fileID: 8749529430007403795, guid: d6d42086c343e1249a4f7ea21a2457a3,
        type: 3}
      propertyPath: m_LocalRotation.x
      value: -0
      objectReference: {fileID: 0}
    - target: {fileID: 8749529430007403795, guid: d6d42086c343e1249a4f7ea21a2457a3,
        type: 3}
      propertyPath: m_LocalRotation.y
      value: -0
      objectReference: {fileID: 0}
    - target: {fileID: 8749529430007403795, guid: d6d42086c343e1249a4f7ea21a2457a3,
        type: 3}
      propertyPath: m_LocalRotation.z
      value: -0
      objectReference: {fileID: 0}
    - target: {fileID: 8749529430007403795, guid: d6d42086c343e1249a4f7ea21a2457a3,
        type: 3}
      propertyPath: m_LocalRotation.w
      value: 1
      objectReference: {fileID: 0}
    - target: {fileID: 8749529430007403795, guid: d6d42086c343e1249a4f7ea21a2457a3,
        type: 3}
      propertyPath: m_RootOrder
      value: 3
      objectReference: {fileID: 0}
    - target: {fileID: 8749529430007403795, guid: d6d42086c343e1249a4f7ea21a2457a3,
        type: 3}
      propertyPath: m_LocalEulerAnglesHint.x
      value: 0
      objectReference: {fileID: 0}
    - target: {fileID: 8749529430007403795, guid: d6d42086c343e1249a4f7ea21a2457a3,
        type: 3}
      propertyPath: m_LocalEulerAnglesHint.y
      value: 0
      objectReference: {fileID: 0}
    - target: {fileID: 8749529430007403795, guid: d6d42086c343e1249a4f7ea21a2457a3,
        type: 3}
      propertyPath: m_LocalEulerAnglesHint.z
      value: 0
      objectReference: {fileID: 0}
    m_RemovedComponents: []
  m_SourcePrefab: {fileID: 100100000, guid: d6d42086c343e1249a4f7ea21a2457a3, type: 3}
--- !u!4 &6253677310532534715 stripped
Transform:
  m_CorrespondingSourceObject: {fileID: 8749529430007403795, guid: d6d42086c343e1249a4f7ea21a2457a3,
    type: 3}
  m_PrefabInstance: {fileID: 3433173147436487848}
  m_PrefabAsset: {fileID: 0}
--- !u!1001 &7732305420987087951
PrefabInstance:
  m_ObjectHideFlags: 0
  serializedVersion: 2
  m_Modification:
    m_TransformParent: {fileID: 3026008571848598144}
    m_Modifications:
    - target: {fileID: 5574895911336138916, guid: d64b6d0fb6ee317438ae237f733f42c7,
        type: 3}
      propertyPath: m_Name
      value: block_vertical
      objectReference: {fileID: 0}
    - target: {fileID: 5574895911335642244, guid: d64b6d0fb6ee317438ae237f733f42c7,
        type: 3}
      propertyPath: m_LocalPosition.x
      value: 0
      objectReference: {fileID: 0}
    - target: {fileID: 5574895911335642244, guid: d64b6d0fb6ee317438ae237f733f42c7,
        type: 3}
      propertyPath: m_LocalPosition.y
      value: 4
      objectReference: {fileID: 0}
    - target: {fileID: 5574895911335642244, guid: d64b6d0fb6ee317438ae237f733f42c7,
        type: 3}
      propertyPath: m_LocalPosition.z
      value: 0
      objectReference: {fileID: 0}
    - target: {fileID: 5574895911335642244, guid: d64b6d0fb6ee317438ae237f733f42c7,
        type: 3}
      propertyPath: m_LocalRotation.x
      value: -0
      objectReference: {fileID: 0}
    - target: {fileID: 5574895911335642244, guid: d64b6d0fb6ee317438ae237f733f42c7,
        type: 3}
      propertyPath: m_LocalRotation.y
      value: -0
      objectReference: {fileID: 0}
    - target: {fileID: 5574895911335642244, guid: d64b6d0fb6ee317438ae237f733f42c7,
        type: 3}
      propertyPath: m_LocalRotation.z
      value: -0
      objectReference: {fileID: 0}
    - target: {fileID: 5574895911335642244, guid: d64b6d0fb6ee317438ae237f733f42c7,
        type: 3}
      propertyPath: m_LocalRotation.w
      value: 1
      objectReference: {fileID: 0}
    - target: {fileID: 5574895911335642244, guid: d64b6d0fb6ee317438ae237f733f42c7,
        type: 3}
      propertyPath: m_RootOrder
      value: 2
      objectReference: {fileID: 0}
    - target: {fileID: 5574895911335642244, guid: d64b6d0fb6ee317438ae237f733f42c7,
        type: 3}
      propertyPath: m_LocalEulerAnglesHint.x
      value: 0
      objectReference: {fileID: 0}
    - target: {fileID: 5574895911335642244, guid: d64b6d0fb6ee317438ae237f733f42c7,
        type: 3}
      propertyPath: m_LocalEulerAnglesHint.y
      value: 0
      objectReference: {fileID: 0}
    - target: {fileID: 5574895911335642244, guid: d64b6d0fb6ee317438ae237f733f42c7,
        type: 3}
      propertyPath: m_LocalEulerAnglesHint.z
      value: 0
      objectReference: {fileID: 0}
    m_RemovedComponents: []
  m_SourcePrefab: {fileID: 100100000, guid: d64b6d0fb6ee317438ae237f733f42c7, type: 3}
--- !u!4 &2742877558054025419 stripped
Transform:
  m_CorrespondingSourceObject: {fileID: 5574895911335642244, guid: d64b6d0fb6ee317438ae237f733f42c7,
    type: 3}
  m_PrefabInstance: {fileID: 7732305420987087951}
  m_PrefabAsset: {fileID: 0}
